<?xml version="1.0" encoding="UTF-8"?><collection xmlns="http://www.loc.gov/MARC21/slim"><record><leader>00364nam--2200133-i-4500</leader><controlfield tag="001">000032734</controlfield><controlfield tag="002">20161230</controlfield><controlfield tag="005">20161230201039</controlfield><controlfield tag="008">060222s1000------------r-----000-0-eng-d</controlfield><datafield ind1=" " ind2=" " tag="080"><subfield code="a">027:007</subfield></datafield><datafield ind1=" " ind2=" " tag="100"><subfield code="a">Meise, Norman R</subfield></datafield><datafield ind1=" " ind2=" " tag="245"><subfield code="a">Conceptual design of an automated national library</subfield></datafield><datafield ind1=" " ind2=" " tag="260"><subfield code="a">Metuchen, N.J., The Scarecrow Press, Inc., 1969. 234p</subfield></datafield><datafield ind1=" " ind2=" " tag="852"><subfield code="a">37480</subfield></datafield></record></collection>